<record><leader>00000cas a2200000 a 4500</leader><controlfield tag="001">13412916</controlfield><controlfield tag="008">860409c19249999nbudn ne      0    0eng d</controlfield><datafield ind1=" " ind2=" " tag="010"><subfield code="a">sn 86063435 </subfield></datafield><datafield ind1=" " ind2=" " tag="040"><subfield code="a">KSH</subfield><subfield code="b">eng</subfield><subfield code="c">KSH</subfield><subfield code="d">NPT</subfield><subfield code="d">NVG</subfield><subfield code="d">OCL</subfield><subfield code="d">OCLCQ</subfield><subfield code="d">DLC</subfield><subfield code="d">OCLCQ</subfield><subfield code="d">OCLCF</subfield><subfield code="d">OCLCO</subfield></datafield><datafield ind1="1" ind2=" " tag="029"><subfield code="a">AU@</subfield><subfield code="b">000022168225</subfield></datafield><datafield ind1="1" ind2=" " tag="029"><subfield code="a">NZ1</subfield><subfield code="b">16076043</subfield></datafield><datafield ind1=" " ind2=" " tag="042"><subfield code="a">msc</subfield></datafield><datafield ind1=" " ind2=" " tag="043"><subfield code="a">n-us-nb</subfield></datafield><datafield ind1="0" ind2="4" tag="245"><subfield code="a">The McCook daily gazette.</subfield></datafield><datafield ind1=" " ind2=" " tag="260"><subfield code="a">McCook, Neb. :</subfield><subfield code="b">H.D. Strunk</subfield></datafield><datafield ind1=" " ind2=" " tag="300"><subfield code="a">v. :</subfield><subfield code="b">ill. ;</subfield><subfield code="c">56 cm.</subfield></datafield><datafield ind1=" " ind2=" " tag="310"><subfield code="a">Daily (except Sun.),</subfield><subfield code="b">Apr. 28, 1958-</subfield></datafield><datafield ind1=" " ind2=" " tag="321"><subfield code="a">Daily,</subfield><subfield code="b">Dec. 19, 1954-Apr. 27, 1958</subfield></datafield><datafield ind1=" " ind2=" " tag="321"><subfield code="a">Daily (except Sun.),</subfield><subfield code="b">&lt;Jan. 1, 1925&gt;-Dec. 18, 1954</subfield></datafield><datafield ind1="1" ind2=" " tag="362"><subfield code="a">Began in Dec. 1924.</subfield></datafield><datafield ind1=" " ind2=" " tag="580"><subfield code="a">Other ed.: Red Willow County gazette, &lt;Dec. 11, 1924&gt;-&lt;Feb. 9, 1925&gt;.</subfield></datafield><datafield ind1=" " ind2=" " tag="580"><subfield code="a">Absorbed: Red Willow County gazette, &lt;1925&gt;; South side sentinel, (Marion, Neb.), Nov. 1, 1934; McCook tribune, June 20, 1936; and Red Willow County reporter, Feb. 7, 1957.</subfield></datafield><datafield ind1=" " ind2=" " tag="588"><subfield code="a">Description based on: Vol. 1, no. 15 (Jan. 1, 1925).</subfield></datafield><datafield ind1=" " ind2="0" tag="651"><subfield code="a">Red Willow County (Neb.)</subfield><subfield code="v">Newspapers.</subfield></datafield><datafield ind1=" " ind2="7" tag="655"><subfield code="a">Newspapers.</subfield><subfield code="2">fast</subfield><subfield code="0">(OCoLC)fst01423814</subfield></datafield><datafield ind1=" " ind2="7" tag="651"><subfield code="a">Nebraska</subfield><subfield code="z">Red Willow County.</subfield><subfield code="2">fast</subfield><subfield code="0">(OCoLC)fst01211909</subfield></datafield><datafield ind1=" " ind2=" " tag="752"><subfield code="a">United States</subfield><subfield code="b">Nebraska</subfield><subfield code="c">Red Willow</subfield><subfield code="d">McCook.</subfield></datafield><datafield ind1="1" ind2=" " tag="775"><subfield code="t">Red Willow County gazette</subfield></datafield><datafield ind1="1" ind2="5" tag="780"><subfield code="t">Red Willow County gazette</subfield></datafield><datafield ind1="1" ind2="5" tag="780"><subfield code="t">South side sentinel (Marion, Neb.)</subfield></datafield><datafield ind1="1" ind2="5" tag="780"><subfield code="t">McCook tribune</subfield><subfield code="x">2157-8141</subfield><subfield code="w">(DLC)sn 94056415</subfield><subfield code="w">(OCoLC)13412922</subfield></datafield><datafield ind1="1" ind2="5" tag="780"><subfield code="t">Red Willow County reporter</subfield></datafield></record>